@inproceedings{neumann2005color,
  title={Color style transfer techniques using hue, lightness and saturation histogram matching},
  author={Neumann, L{\'a}szl{\'o} and Neumann, Attila},
  booktitle={Computational Aesthetics},
  pages={111--122},
  year={2005},
  organization={Citeseer}
}


@article{gatys2015neural,
  title={A neural algorithm of artistic style},
  author={Gatys, Leon A and Ecker, Alexander S and Bethge, Matthias},
  journal={arXiv preprint arXiv:1508.06576},
  year={2015}
}

@inproceedings{gatys2016,
  title={Image Style Transfer Using Convolutional Neural Networks},
  author={Gatys, Leon A and Ecker, Alexander S and Bethge, Matthias},
  booktitle={Proceedings of the IEEE Conference on Computer Vision and Pattern Recognition},
  pages={2414-2423},
  year={2016},
}

@inproceedings{gan2014,
  title={Generative Adversarial Networks},
  author={Goodfellow, Ian and Pouget-Abadie, Jean and Mirza, Mehdi and Xu, Bing and Warde-Farley, David and Ozair, Sherjil and Courville, Aaron and Bengio, Yoshua},
  booktitle={Proceedings of the International Conference on Neural Information Processing Systems},
  pages={2672-2680},
  year={2014}
}

@inproceedings{li2016combining,
  title={Combining markov random fields and convolutional neural networks for image synthesis},
  author={Li, Chuan and Wand, Michael},
  booktitle={Proceedings of the IEEE Conference on Computer Vision and Pattern Recognition},
  pages={2479--2486},
  year={2016}
}


@inproceedings{jiang2017fashion,
  title={Fashion Style Generator.},
  author={Jiang, Shuhui and Fu, Yun},
  booktitle={IJCAI},
  pages={3721--3727},
  year={2017}
}


@article{selim2016painting,
  title={Painting style transfer for head portraits using convolutional neural networks},
  author={Selim, Ahmed and Elgharib, Mohamed and Doyle, Linda},
  journal={ACM Transactions on Graphics (ToG)},
  volume={35},
  number={4},
  pages={129},
  year={2016},
  publisher={ACM}
}

@online{WebGallery,
  author = {Web Gallery of Art},
  title = {Web Gallery of Art Searchable database of European fine arts and architecture},
  year = 1996,
  url = {https://www.wga.hu},
  urldate = {2019-02-20}
}

@online{Medium,
  author = {Vidhya},
  title = {Face detection model in python},
  year = 2018,
  url = {https://medium.com/analytics-vidhya/how-to-build-a-face-detection-model-in-python-8dc9cecadfe9},
  urldate = {2019-02-20}
}

@online{dlibgit,
  author = {github},
  title = {Dlib face detection and landmark identification},
  year = 2018,
  url = {https://github.com/italojs/facial-landmarks-recognition},
  urldate = {2019-02-20}
}

@online{NeuralStyleTranferGithub,
  author = {Dlib},
  title = {Neural Style Transfer Implementation},
  year = 2018,
  url = {https://colab.research.google.com/github/titu1994/Neural-Style-Transfer/blob/master/NeuralStyleTransfer.ipynb},
  urldate = {2019-02-20}
}


@article{zhu2019face,
  title={Face alignment in full pose range: A 3D total solution},
  author={Zhu, Xiangyu and Liu, Xiaoming and Lei, Zhen and Li, Stan Z},
  journal={IEEE transactions on pattern analysis and machine intelligence},
  volume={41},
  number={1},
  pages={78--92},
  year={2019},
  publisher={IEEE}
}

@article{liu2018large,
  title={Large-scale celebfaces attributes (celeba) dataset},
  author={Liu, Ziwei and Luo, Ping and Wang, Xiaogang and Tang, Xiaoou},
  journal={Retrieved August},
  volume={15},
  pages={2018},
  year={2018}
}

@misc{Charles2013,
  author = {Charles, P.W.D.},
  title = {Project Title},
  year = {2013},
  publisher = {GitHub},
  journal = {GitHub repository},
  howpublished = {\url{https://github.com/charlespwd/project-title}},
  commit = {4f57d6a0e4c030202a07a60bc1bb1ed1544bf679}
}

@Article{Simonyan14c,
    author       = "Simonyan, K. and Zisserman, A.",
    title        = "Very Deep Convolutional Networks for Large-Scale Image Recognition",
    journal      = "CoRR",
    volume       = "abs/1409.1556",
    year         = "2014"
}

@article{Liao2017,
 author = {Liao, Jing and Yao, Yuan and Yuan, Lu and Hua, Gang and Kang, Sing Bing},
 title = {Visual Attribute Transfer Through Deep Image Analogy},
 journal = {ACM Trans. Graph.},
 date = {July 2017},
 volume = {36},
 number = {4},
 month = jul,
 year = {2017},
 issn = {0730-0301},
 pages = {120:1--120:15},
 articleno = {120},
 numpages = {15},
 url = {http://doi.acm.org/10.1145/3072959.3073683},
 doi = {10.1145/3072959.3073683},
 acmid = {3073683},
 publisher = {ACM},
 address = {New York, NY, USA},
 keywords = {deep matching, image analogy, transfer},
} 

@article{Shih2014,
 author = {Shih, YiChang and Paris, Sylvain and Barnes, Connelly and Freeman, William T. and Durand, Fr{\'e}do},
 title = {Style Transfer for Headshot Portraits},
 journal = {ACM Trans. Graph.},
 date = {July 2014},
 volume = {33},
 number = {4},
 month = jul,
 year = {2014},
 issn = {0730-0301},
 pages = {148:1--148:14},
 articleno = {148},
 numpages = {14},
 url = {http://doi.acm.org/10.1145/2601097.2601137},
 doi = {10.1145/2601097.2601137},
 acmid = {2601137},
 publisher = {ACM},
 address = {New York, NY, USA},
 keywords = {example-based enhancement, headshot portraits, style transfer},
} 

@article{opencv_library,
    author = {Bradski, G.},
    citeulike-article-id = {2236121},
    journal = {Dr. Dobb's Journal of Software Tools},
    keywords = {bibtex-import},
    posted-at = {2008-01-15 19:21:54},
    priority = {4},
    title = {{The OpenCV Library}},
    year = {2000}
}

@Article{dlib09,
  author = {Davis E. King},
  title = {Dlib-ml: A Machine Learning Toolkit},
  journal = {Journal of Machine Learning Research},
  year = {2009},
  volume = {10},
  pages = {1755-1758},
}

@ARTICLE{siftflow, 
author={C. {Liu} and J. {Yuen} and A. {Torralba}}, 
journal={IEEE Transactions on Pattern Analysis and Machine Intelligence}, 
title={SIFT Flow: Dense Correspondence across Scenes and Its Applications}, 
year={2011}, 
volume={33}, 
number={5}, 
pages={978-994}, 
keywords={computer vision;transforms;SIFT flow;image alignment;computer vision;optical flow;image corpus;image analysis;image synthesis;image information;image registration;face recognition;motion synthesis;object transfer;scale invariance feature transform;Pixel;Optical imaging;Visualization;Databases;Belief propagation;Complexity theory;Object recognition;Scene alignment;dense scene correspondence;SIFT flow;coarse to fine;belief propagation;alignment-based large database framework;satellite image registration;face recognition;motion prediction for a single image;motion synthesis via object transfer.;Algorithms;Humans;Image Processing, Computer-Assisted;Motion;Pattern Recognition, Automated;Video Recording}, 
doi={10.1109/TPAMI.2010.147}, 
ISSN={0162-8828}, 
month={May},}


@online{opencvImplement,
  author = {github},
  title = {learnopencv},
  year = 2019,
  url = {https://github.com/spmallick/learnopencv/tree/master/FaceMorph},
  urldate = {2019-03-18}
}

@inproceedings{Helen,
 author = {Le, Vuong and Brandt, Jonathan and Lin, Zhe and Bourdev, Lubomir and Huang, Thomas S.},
 title = {Interactive Facial Feature Localization},
 booktitle = {Proceedings of the 12th European Conference on Computer Vision - Volume Part III},
 series = {ECCV'12},
 year = {2012},
 isbn = {978-3-642-33711-6},
 location = {Florence, Italy},
 pages = {679--692},
 numpages = {14},
 url = {http://dx.doi.org/10.1007/978-3-642-33712-3_49},
 doi = {10.1007/978-3-642-33712-3_49},
 acmid = {2403124},
 publisher = {Springer-Verlag},
 address = {Berlin, Heidelberg},
} 

@online{dt,
  author = {Satya Mallick},
  title = {Delaunay Triangulation and Voronoi Diagram using OpenCV},
  year = 2015,
  url = {https://www.learnopencv.com/delaunay-triangulation-and-voronoi-diagram-using-opencv-c-python/},
  urldate = {2019-02-20}
}





