@inproceedings{neumann2005color,
  title={Color style transfer techniques using hue, lightness and saturation histogram matching},
  author={Neumann, L{\'a}szl{\'o} and Neumann, Attila},
  booktitle={Computational Aesthetics},
  pages={111--122},
  year={2005},
  organization={Citeseer}
}


@article{gatys2015neural,
  title={A neural algorithm of artistic style},
  author={Gatys, Leon A and Ecker, Alexander S and Bethge, Matthias},
  journal={arXiv preprint arXiv:1508.06576},
  year={2015}
}

@inproceedings{li2016combining,
  title={Combining markov random fields and convolutional neural networks for image synthesis},
  author={Li, Chuan and Wand, Michael},
  booktitle={Proceedings of the IEEE Conference on Computer Vision and Pattern Recognition},
  pages={2479--2486},
  year={2016}
}


@inproceedings{jiang2017fashion,
  title={Fashion Style Generator.},
  author={Jiang, Shuhui and Fu, Yun},
  booktitle={IJCAI},
  pages={3721--3727},
  year={2017}
}


@article{selim2016painting,
  title={Painting style transfer for head portraits using convolutional neural networks},
  author={Selim, Ahmed and Elgharib, Mohamed and Doyle, Linda},
  journal={ACM Transactions on Graphics (ToG)},
  volume={35},
  number={4},
  pages={129},
  year={2016},
  publisher={ACM}
}

@online{WebGallery,
  author = {Web Gallery of Art},
  title = {Web Gallery of Art Searchable database of European fine arts and architecture},
  year = 1996,
  url = {https://www.wga.hu},
  urldate = {2019-02-20}
}

@online{Medium,
  author = {Vidhya},
  title = {Face detection model in python},
  year = 2018,
  url = {https://medium.com/analytics-vidhya/how-to-build-a-face-detection-model-in-python-8dc9cecadfe9},
  urldate = {2019-02-20}
}

@online{dlib,
  author = {github},
  title = {Dlib face detection and landmark identification},
  year = 2018,
  url = {https://github.com/italojs/facial-landmarks-recognition},
  urldate = {2019-02-20}
}

@online{NeuralStyleTranferGithub,
  author = {Dlib},
  title = {Neural Style Transfer Implementation},
  year = 2018,
  url = {https://colab.research.google.com/github/titu1994/Neural-Style-Transfer/blob/master/NeuralStyleTransfer.ipynb},
  urldate = {2019-02-20}
}


@article{zhu2019face,
  title={Face alignment in full pose range: A 3D total solution},
  author={Zhu, Xiangyu and Liu, Xiaoming and Lei, Zhen and Li, Stan Z},
  journal={IEEE transactions on pattern analysis and machine intelligence},
  volume={41},
  number={1},
  pages={78--92},
  year={2019},
  publisher={IEEE}
}

@article{liu2018large,
  title={Large-scale celebfaces attributes (celeba) dataset},
  author={Liu, Ziwei and Luo, Ping and Wang, Xiaogang and Tang, Xiaoou},
  journal={Retrieved August},
  volume={15},
  pages={2018},
  year={2018}
}


@article{liao2017visual,
  title={Visual attribute transfer through deep image analogy},
  author={Liao, Jing and Yao, Yuan and Yuan, Lu and Hua, Gang and Kang, Sing Bing},
  journal={arXiv preprint arXiv:1705.01088},
  year={2017}
}

@misc{Charles2013,
  author = {Charles, P.W.D.},
  title = {Project Title},
  year = {2013},
  publisher = {GitHub},
  journal = {GitHub repository},
  howpublished = {\url{https://github.com/charlespwd/project-title}},
  commit = {4f57d6a0e4c030202a07a60bc1bb1ed1544bf679}
}



